<pre name="code" class="javascript">@BOOK{ML12,
  AUTHOR =       {Peter Harrington},
  TITLE =        {Machine Learning in Action},
  PUBLISHER =      {Manning Publications Co.},
  YEAR =         {2012}
}
@misc{ZUIJINLIN14,
      author = "",
      title = " 最近邻算法（维基百科）",
      month = "November",
      year = "2014",
      note =       "\begin{verbatim}http://zh.wikipedia.org/wiki/%E6%9C%80%E8%BF%91%E9%84%B0%E5%B1%85%E6%B3%95\end{verbatim}",
}
@misc{MASHIJULI13,
      author = "",
      title = "马氏距离（维基百科）",
      month = "March",
      year = "2013",
      note = "\begin{verbatim}http://zh.wikipedia.org/wiki/%E9%A9%AC%E6%B0%8F%E8%B7%9D%E7%A6%BB\end{verbatim}"
}
@misc{JULEI13,
      author = "kkc235",
      title = " 聚类（百度百科）",
      month = "December",
      year = "2013",
      note = "\begin{verbatim}http://baike.baidu.com/view/31801.htm\end{verbatim}"
}
@misc{COURSERA,
      author = "",
      title = "",
      month = "",
      year = "",
      note = "\begin{verbatim}https://www.coursera.org/course/ml\end{verbatim}"
}
@BOOK{MATH14,
  AUTHOR =       {吴军},
  TITLE =        {数学之美},
  PUBLISHER =      {人民邮电出版社},
  YEAR =         {2014}
}
@misc{SVD12,
      author = "aszxqw",
      title = "SVD在推荐系统中的应用",
      month = "November",
      year = "2012",
      note = "\begin{verbatim}http://blog.csdn.net/wuyanyi/article/details/7964883\end{verbatim}"
}
@misc{LONGXING10,
      author = "",
      title = "2010龙星计划机器学习视频教程",
      month = "",
      year = "2010",
      note = "\begin{verbatim}http://pan.baidu.com/share/link?shareid=3053312914&uk=2620399451\end{verbatim}"
}
@misc{GBDT12,
      author = "",
      title = "GBDT（MART） 迭代决策树入门教程 | 简介",
      month = "December",
      year = "2012",
      note = "\begin{verbatim}http://hi.baidu.com/hehehehello/item/96cc42e45c16e7265a2d64ee\end{verbatim}"
}
@misc{ANDREW,
      author = "Andrew Ng.",
      title = "Ng的cs229课程资料",
      month = "",
      year = "",
      note = "\begin{verbatim}http://cs229.stanford.edu/\end{verbatim}"
}
@misc{STANFU,
      author = "网易公开课",
      title = " 斯坦福大学公开课 ：机器学习课程",
      month = "",
      year = "",
      note = "\begin{verbatim}http://v.163.com/special/opencourse/machinelearning.html\end{verbatim}"
}
@misc{FP11,
      author = "yfx416",
      title = " Frequent Pattern 挖掘之二(FP Growth算法)",
      month = "October",
      year = "2011",
      note = "\begin{verbatim}http://blog.sina.com.cn/s/blog_68ffc7a40100uebg.html\end{verbatim}"
}
@ARTICLE{FAN03,
  AUTHOR =       {X. Fan and C. Ellis and A. Lebeck},
  TITLE =        {The synergy between power-aware memory systems and processor voltage},
  JOURNAL =      {Workshop on Power-Aware Computing Systems},
  YEAR =         {2003},
  volume =       {},
  number =       {},
  pages =        {},
}